@misc{Aschburner,
  author =	 {Steve Aschburner},
  title =	 {How {O}rlando's Neutral Site Will Impact Teams,
                  Referees and Games},
  year =	 2020,
  note =	 {
                  \url{https://www.nba.com/article/2020/06/22/season-restart-home-court-advantage-no-more}
                  }
}

@article{Cao,
  author =	 {Zheng Cao and Joseph Price and Daniel F. Stone},
  title =	 {Performance Under Pressure in the {NBA}},
  journal =	 {Journal of Sports Economics},
  volume =	 12,
  number =	 3,
  pages =	 {231--252},
  year =	 2011,
}

@article{Carron1992,
  author =	 {Albert V. Carron and Kerry S. Courneya},
  title =	 {The Home Advantage in Sport Competitions: {A}
                  Literature Review},
  journal =	 {Journal of Sport and Exercise Psychology},
  volume =	 14,
  number =	 1,
  pages =	 {13--27},
  year =	 1992
}

@article{Carron2005,
  author =	 {Albert V. Carron and Todd M. Loughhead and Steven
                  R. Bray },
  title =	 {The Home Advantage in Sport Competitions: {C}ourneya
                  and {C}arron's (1992) Conceptual Framework a Decade
                  Later},
  journal =	 {Journal of Sports Sciences},
  volume =	 23,
  number =	 4,
  pages =	 {395--407},
  year =	 2005,
  publisher =	 {Routledge}
}

@article{Greer,
  author =	 { Donald L. Greer},
  title =	 {Spectator Booing and the Home Advantage: {A} Study of
                  Social Influence in the Basketball Arena},
  journal =	 {Journal of Sport and Exercise Psychology},
  volume =	 46,
  number =	 3,
  pages =	 {252--261},
  year =	 1983,
  publisher =	 {[Sage Publications, Inc., American Sociological
                  Association]}
}

@article{Harris,
  author =	 {Austin R. Harris and Paul J. Roebber },
  journal =	 {PLOS ONE},
  publisher =	 {Public Library of Science},
  title =	 {{NBA} Team Home Advantage: {I}dentifying Key Factors
                  Using an Artificial Neural Network},
  year =	 2019,
  volume =	 14,
  pages =	 {1--9},
  number =	 7,
}

@article{Harville,
  author =	 {David A. Harville and Michael H. Smith},
  journal =	 {The American Statistician},
  number =	 1,
  pages =	 {22--28},
  publisher =	 {[American Statistical Association, Taylor & Francis,
                  Ltd.]},
  title =	 {The Home-Court Advantage: How Large Is It, and Does
                  It Vary from Team to Team?},
  volume =	 48,
  year =	 1994
}

@article{Kotecki,
  author =	 {Jason Kotecki},
  journal =	 {The Park Place Economist},
  number =	 1,
  pages =	 {49--57},
  title =	 {Estimating the Effect of Home Court Advantage on
                  Wins in the {NBA}},
  volume =	 22,
  year =	 2014
}
